[gd_scene load_steps=7 format=2]

[ext_resource path="res://Assets/GUI/Skill_Icon/Condemn.png" type="Texture" id=1]
[ext_resource path="res://Assets/GUI/Bar_Items/Health.png" type="Texture" id=2]
[ext_resource path="res://Assets/GUI/Utility/Background_pure_black.png" type="Texture" id=3]
[ext_resource path="res://Fonts/Dynamic_Fonts/dynamicFontMenu.tres" type="DynamicFont" id=4]
[ext_resource path="res://Assets/GUI/Skill_Icon/32_6.png" type="Texture" id=5]
[ext_resource path="res://Scripts/GUI/CharacterStats.gd" type="Script" id=6]

[node name="MarginContainer" type="MarginContainer"]
pause_mode = 2
margin_right = 40.0
margin_bottom = 40.0
script = ExtResource( 6 )
__meta__ = {
"_edit_use_anchors_": false
}

[node name="Background" type="NinePatchRect" parent="."]
modulate = Color( 0.0196078, 0.0196078, 0.0196078, 1 )
self_modulate = Color( 0.0313726, 0.0313726, 0.0313726, 1 )
margin_right = 500.0
margin_bottom = 568.0
texture = ExtResource( 3 )

[node name="HBoxContainer" type="HBoxContainer" parent="."]
margin_right = 500.0
margin_bottom = 568.0

[node name="Character Stats" type="VBoxContainer" parent="HBoxContainer"]
margin_right = 500.0
margin_bottom = 568.0
grow_horizontal = 2
grow_vertical = 2
alignment = 1

[node name="Characterstats" type="ScrollContainer" parent="HBoxContainer/Character Stats"]
margin_right = 500.0
margin_bottom = 500.0
rect_min_size = Vector2( 500, 500 )
follow_focus = true
scroll_horizontal_enabled = false

[node name="Characterstats" type="VBoxContainer" parent="HBoxContainer/Character Stats/Characterstats"]
margin_right = 162.0
margin_bottom = 110.0

[node name="Character_name" type="Label" parent="HBoxContainer/Character Stats/Characterstats/Characterstats"]
margin_right = 162.0
margin_bottom = 29.0
custom_fonts/font = ExtResource( 4 )
text = "Gustav"
align = 1
valign = 3

[node name="AbstandTitelOptionen" type="MarginContainer" parent="HBoxContainer/Character Stats/Characterstats/Characterstats"]
margin_top = 33.0
margin_right = 162.0
margin_bottom = 53.0
custom_constants/margin_top = 20

[node name="Leben" type="Label" parent="HBoxContainer/Character Stats/Characterstats/Characterstats"]
margin_top = 57.0
margin_right = 162.0
margin_bottom = 86.0
custom_fonts/font = ExtResource( 4 )
text = "Leben: 10200"
valign = 3

[node name="AbstandTitelOptionen2" type="MarginContainer" parent="HBoxContainer/Character Stats/Characterstats/Characterstats"]
margin_top = 90.0
margin_right = 162.0
margin_bottom = 110.0
custom_constants/margin_top = 20

[node name="Skills" type="HBoxContainer" parent="HBoxContainer/Character Stats"]
margin_top = 504.0
margin_right = 500.0
margin_bottom = 568.0
alignment = 1

[node name="Skill1" type="TextureButton" parent="HBoxContainer/Character Stats/Skills"]
margin_left = 116.0
margin_right = 180.0
margin_bottom = 64.0
texture_normal = ExtResource( 1 )

[node name="Skill2" type="TextureButton" parent="HBoxContainer/Character Stats/Skills"]
margin_left = 184.0
margin_right = 248.0
margin_bottom = 64.0
texture_normal = ExtResource( 1 )

[node name="Skill3" type="TextureButton" parent="HBoxContainer/Character Stats/Skills"]
margin_left = 252.0
margin_right = 316.0
margin_bottom = 64.0
texture_normal = ExtResource( 1 )

[node name="Skill4" type="TextureButton" parent="HBoxContainer/Character Stats/Skills"]
margin_left = 320.0
margin_right = 384.0
margin_bottom = 64.0
texture_normal = ExtResource( 1 )

[node name="SkillStats" type="VBoxContainer" parent="HBoxContainer"]
pause_mode = 2
visible = false
margin_left = 504.0
margin_right = 1044.0
margin_bottom = 568.0
rect_min_size = Vector2( 500, 0 )
alignment = 1

[node name="ScrollContainer" type="ScrollContainer" parent="HBoxContainer/SkillStats"]
margin_top = 7.0
margin_right = 540.0
margin_bottom = 507.0
rect_min_size = Vector2( 540, 500 )

[node name="GridContainer" type="GridContainer" parent="HBoxContainer/SkillStats/ScrollContainer"]
margin_right = 540.0
margin_bottom = 744.0
columns = 8

[node name="Pocket_Sand" type="TextureButton" parent="HBoxContainer/SkillStats/ScrollContainer/GridContainer"]
margin_right = 64.0
margin_bottom = 64.0
rect_min_size = Vector2( 64, 64 )
texture_normal = ExtResource( 5 )
expand = true

[node name="Skill6" type="TextureButton" parent="HBoxContainer/SkillStats/ScrollContainer/GridContainer"]
margin_left = 68.0
margin_right = 132.0
margin_bottom = 64.0
rect_min_size = Vector2( 64, 64 )
texture_normal = ExtResource( 1 )

[node name="Skill7" type="TextureButton" parent="HBoxContainer/SkillStats/ScrollContainer/GridContainer"]
margin_left = 136.0
margin_right = 200.0
margin_bottom = 64.0
rect_min_size = Vector2( 64, 64 )
texture_normal = ExtResource( 1 )

[node name="Skill8" type="TextureButton" parent="HBoxContainer/SkillStats/ScrollContainer/GridContainer"]
margin_left = 204.0
margin_right = 268.0
margin_bottom = 64.0
rect_min_size = Vector2( 64, 64 )
texture_normal = ExtResource( 1 )

[node name="Skill9" type="TextureButton" parent="HBoxContainer/SkillStats/ScrollContainer/GridContainer"]
margin_left = 272.0
margin_right = 336.0
margin_bottom = 64.0
rect_min_size = Vector2( 64, 64 )
texture_normal = ExtResource( 1 )

[node name="Skill10" type="TextureButton" parent="HBoxContainer/SkillStats/ScrollContainer/GridContainer"]
margin_left = 340.0
margin_right = 404.0
margin_bottom = 64.0
rect_min_size = Vector2( 64, 64 )
texture_normal = ExtResource( 1 )

[node name="Skill11" type="TextureButton" parent="HBoxContainer/SkillStats/ScrollContainer/GridContainer"]
margin_left = 408.0
margin_right = 472.0
margin_bottom = 64.0
rect_min_size = Vector2( 64, 64 )
texture_normal = ExtResource( 1 )

[node name="Skill12" type="TextureButton" parent="HBoxContainer/SkillStats/ScrollContainer/GridContainer"]
margin_left = 476.0
margin_right = 540.0
margin_bottom = 64.0
rect_min_size = Vector2( 64, 64 )
texture_normal = ExtResource( 1 )

[node name="Skill13" type="TextureButton" parent="HBoxContainer/SkillStats/ScrollContainer/GridContainer"]
margin_top = 68.0
margin_right = 64.0
margin_bottom = 132.0
rect_min_size = Vector2( 64, 64 )
texture_normal = ExtResource( 1 )

[node name="Skill14" type="TextureButton" parent="HBoxContainer/SkillStats/ScrollContainer/GridContainer"]
margin_left = 68.0
margin_top = 68.0
margin_right = 132.0
margin_bottom = 132.0
rect_min_size = Vector2( 64, 64 )
texture_normal = ExtResource( 1 )

[node name="Skill15" type="TextureButton" parent="HBoxContainer/SkillStats/ScrollContainer/GridContainer"]
margin_left = 136.0
margin_top = 68.0
margin_right = 200.0
margin_bottom = 132.0
rect_min_size = Vector2( 64, 64 )
texture_normal = ExtResource( 1 )

[node name="Skill16" type="TextureButton" parent="HBoxContainer/SkillStats/ScrollContainer/GridContainer"]
margin_left = 204.0
margin_top = 68.0
margin_right = 268.0
margin_bottom = 132.0
rect_min_size = Vector2( 64, 64 )
texture_normal = ExtResource( 1 )

[node name="Skill17" type="TextureButton" parent="HBoxContainer/SkillStats/ScrollContainer/GridContainer"]
margin_left = 272.0
margin_top = 68.0
margin_right = 336.0
margin_bottom = 132.0
rect_min_size = Vector2( 64, 64 )
texture_normal = ExtResource( 1 )

[node name="Skill18" type="TextureButton" parent="HBoxContainer/SkillStats/ScrollContainer/GridContainer"]
margin_left = 340.0
margin_top = 68.0
margin_right = 404.0
margin_bottom = 132.0
rect_min_size = Vector2( 64, 64 )
texture_normal = ExtResource( 1 )

[node name="Skill19" type="TextureButton" parent="HBoxContainer/SkillStats/ScrollContainer/GridContainer"]
margin_left = 408.0
margin_top = 68.0
margin_right = 472.0
margin_bottom = 132.0
rect_min_size = Vector2( 64, 64 )
texture_normal = ExtResource( 1 )

[node name="Skill20" type="TextureButton" parent="HBoxContainer/SkillStats/ScrollContainer/GridContainer"]
margin_left = 476.0
margin_top = 68.0
margin_right = 540.0
margin_bottom = 132.0
rect_min_size = Vector2( 64, 64 )
texture_normal = ExtResource( 1 )

[node name="Skill21" type="TextureButton" parent="HBoxContainer/SkillStats/ScrollContainer/GridContainer"]
margin_top = 136.0
margin_right = 64.0
margin_bottom = 200.0
rect_min_size = Vector2( 64, 64 )
texture_normal = ExtResource( 1 )

[node name="Skill22" type="TextureButton" parent="HBoxContainer/SkillStats/ScrollContainer/GridContainer"]
margin_left = 68.0
margin_top = 136.0
margin_right = 132.0
margin_bottom = 200.0
rect_min_size = Vector2( 64, 64 )
texture_normal = ExtResource( 1 )

[node name="Skill23" type="TextureButton" parent="HBoxContainer/SkillStats/ScrollContainer/GridContainer"]
margin_left = 136.0
margin_top = 136.0
margin_right = 200.0
margin_bottom = 200.0
rect_min_size = Vector2( 64, 64 )
texture_normal = ExtResource( 1 )

[node name="Skill24" type="TextureButton" parent="HBoxContainer/SkillStats/ScrollContainer/GridContainer"]
margin_left = 204.0
margin_top = 136.0
margin_right = 268.0
margin_bottom = 200.0
rect_min_size = Vector2( 64, 64 )
texture_normal = ExtResource( 1 )

[node name="Skill25" type="TextureButton" parent="HBoxContainer/SkillStats/ScrollContainer/GridContainer"]
margin_left = 272.0
margin_top = 136.0
margin_right = 336.0
margin_bottom = 200.0
rect_min_size = Vector2( 64, 64 )
texture_normal = ExtResource( 1 )

[node name="Skill26" type="TextureButton" parent="HBoxContainer/SkillStats/ScrollContainer/GridContainer"]
margin_left = 340.0
margin_top = 136.0
margin_right = 404.0
margin_bottom = 200.0
rect_min_size = Vector2( 64, 64 )
texture_normal = ExtResource( 1 )

[node name="Skill27" type="TextureButton" parent="HBoxContainer/SkillStats/ScrollContainer/GridContainer"]
margin_left = 408.0
margin_top = 136.0
margin_right = 472.0
margin_bottom = 200.0
rect_min_size = Vector2( 64, 64 )
texture_normal = ExtResource( 1 )

[node name="Skill28" type="TextureButton" parent="HBoxContainer/SkillStats/ScrollContainer/GridContainer"]
margin_left = 476.0
margin_top = 136.0
margin_right = 540.0
margin_bottom = 200.0
rect_min_size = Vector2( 64, 64 )
texture_normal = ExtResource( 1 )

[node name="Skill29" type="TextureButton" parent="HBoxContainer/SkillStats/ScrollContainer/GridContainer"]
margin_top = 204.0
margin_right = 64.0
margin_bottom = 268.0
rect_min_size = Vector2( 64, 64 )
texture_normal = ExtResource( 1 )

[node name="Skill30" type="TextureButton" parent="HBoxContainer/SkillStats/ScrollContainer/GridContainer"]
margin_left = 68.0
margin_top = 204.0
margin_right = 132.0
margin_bottom = 268.0
rect_min_size = Vector2( 64, 64 )
texture_normal = ExtResource( 1 )

[node name="Skill31" type="TextureButton" parent="HBoxContainer/SkillStats/ScrollContainer/GridContainer"]
margin_left = 136.0
margin_top = 204.0
margin_right = 200.0
margin_bottom = 268.0
rect_min_size = Vector2( 64, 64 )
texture_normal = ExtResource( 1 )

[node name="Skill32" type="TextureButton" parent="HBoxContainer/SkillStats/ScrollContainer/GridContainer"]
margin_left = 204.0
margin_top = 204.0
margin_right = 268.0
margin_bottom = 268.0
rect_min_size = Vector2( 64, 64 )
texture_normal = ExtResource( 1 )

[node name="Skill33" type="TextureButton" parent="HBoxContainer/SkillStats/ScrollContainer/GridContainer"]
margin_left = 272.0
margin_top = 204.0
margin_right = 336.0
margin_bottom = 268.0
rect_min_size = Vector2( 64, 64 )
texture_normal = ExtResource( 1 )

[node name="Skill34" type="TextureButton" parent="HBoxContainer/SkillStats/ScrollContainer/GridContainer"]
margin_left = 340.0
margin_top = 204.0
margin_right = 404.0
margin_bottom = 268.0
rect_min_size = Vector2( 64, 64 )
texture_normal = ExtResource( 1 )

[node name="Skill35" type="TextureButton" parent="HBoxContainer/SkillStats/ScrollContainer/GridContainer"]
margin_left = 408.0
margin_top = 204.0
margin_right = 472.0
margin_bottom = 268.0
rect_min_size = Vector2( 64, 64 )
texture_normal = ExtResource( 1 )

[node name="Skill36" type="TextureButton" parent="HBoxContainer/SkillStats/ScrollContainer/GridContainer"]
margin_left = 476.0
margin_top = 204.0
margin_right = 540.0
margin_bottom = 268.0
rect_min_size = Vector2( 64, 64 )
texture_normal = ExtResource( 1 )

[node name="Skill37" type="TextureButton" parent="HBoxContainer/SkillStats/ScrollContainer/GridContainer"]
margin_top = 272.0
margin_right = 64.0
margin_bottom = 336.0
rect_min_size = Vector2( 64, 64 )
texture_normal = ExtResource( 1 )

[node name="Skill38" type="TextureButton" parent="HBoxContainer/SkillStats/ScrollContainer/GridContainer"]
margin_left = 68.0
margin_top = 272.0
margin_right = 132.0
margin_bottom = 336.0
rect_min_size = Vector2( 64, 64 )
texture_normal = ExtResource( 1 )

[node name="Skill39" type="TextureButton" parent="HBoxContainer/SkillStats/ScrollContainer/GridContainer"]
margin_left = 136.0
margin_top = 272.0
margin_right = 200.0
margin_bottom = 336.0
rect_min_size = Vector2( 64, 64 )
texture_normal = ExtResource( 1 )

[node name="Skill40" type="TextureButton" parent="HBoxContainer/SkillStats/ScrollContainer/GridContainer"]
margin_left = 204.0
margin_top = 272.0
margin_right = 268.0
margin_bottom = 336.0
rect_min_size = Vector2( 64, 64 )
texture_normal = ExtResource( 1 )

[node name="Skill41" type="TextureButton" parent="HBoxContainer/SkillStats/ScrollContainer/GridContainer"]
margin_left = 272.0
margin_top = 272.0
margin_right = 336.0
margin_bottom = 336.0
rect_min_size = Vector2( 64, 64 )
texture_normal = ExtResource( 1 )

[node name="Skill42" type="TextureButton" parent="HBoxContainer/SkillStats/ScrollContainer/GridContainer"]
margin_left = 340.0
margin_top = 272.0
margin_right = 404.0
margin_bottom = 336.0
rect_min_size = Vector2( 64, 64 )
texture_normal = ExtResource( 1 )

[node name="Skill43" type="TextureButton" parent="HBoxContainer/SkillStats/ScrollContainer/GridContainer"]
margin_left = 408.0
margin_top = 272.0
margin_right = 472.0
margin_bottom = 336.0
rect_min_size = Vector2( 64, 64 )
texture_normal = ExtResource( 1 )

[node name="Skill44" type="TextureButton" parent="HBoxContainer/SkillStats/ScrollContainer/GridContainer"]
margin_left = 476.0
margin_top = 272.0
margin_right = 540.0
margin_bottom = 336.0
rect_min_size = Vector2( 64, 64 )
texture_normal = ExtResource( 1 )

[node name="Skill45" type="TextureButton" parent="HBoxContainer/SkillStats/ScrollContainer/GridContainer"]
margin_top = 340.0
margin_right = 64.0
margin_bottom = 404.0
rect_min_size = Vector2( 64, 64 )
texture_normal = ExtResource( 1 )

[node name="Skill46" type="TextureButton" parent="HBoxContainer/SkillStats/ScrollContainer/GridContainer"]
margin_left = 68.0
margin_top = 340.0
margin_right = 132.0
margin_bottom = 404.0
rect_min_size = Vector2( 64, 64 )
texture_normal = ExtResource( 1 )

[node name="Skill47" type="TextureButton" parent="HBoxContainer/SkillStats/ScrollContainer/GridContainer"]
margin_left = 136.0
margin_top = 340.0
margin_right = 200.0
margin_bottom = 404.0
rect_min_size = Vector2( 64, 64 )
texture_normal = ExtResource( 1 )

[node name="Skill48" type="TextureButton" parent="HBoxContainer/SkillStats/ScrollContainer/GridContainer"]
margin_left = 204.0
margin_top = 340.0
margin_right = 268.0
margin_bottom = 404.0
rect_min_size = Vector2( 64, 64 )
texture_normal = ExtResource( 1 )

[node name="Skill49" type="TextureButton" parent="HBoxContainer/SkillStats/ScrollContainer/GridContainer"]
margin_left = 272.0
margin_top = 340.0
margin_right = 336.0
margin_bottom = 404.0
rect_min_size = Vector2( 64, 64 )
texture_normal = ExtResource( 1 )

[node name="Skill50" type="TextureButton" parent="HBoxContainer/SkillStats/ScrollContainer/GridContainer"]
margin_left = 340.0
margin_top = 340.0
margin_right = 404.0
margin_bottom = 404.0
rect_min_size = Vector2( 64, 64 )
texture_normal = ExtResource( 1 )

[node name="Skill51" type="TextureButton" parent="HBoxContainer/SkillStats/ScrollContainer/GridContainer"]
margin_left = 408.0
margin_top = 340.0
margin_right = 472.0
margin_bottom = 404.0
rect_min_size = Vector2( 64, 64 )
texture_normal = ExtResource( 1 )

[node name="Skill52" type="TextureButton" parent="HBoxContainer/SkillStats/ScrollContainer/GridContainer"]
margin_left = 476.0
margin_top = 340.0
margin_right = 540.0
margin_bottom = 404.0
rect_min_size = Vector2( 64, 64 )
texture_normal = ExtResource( 1 )

[node name="Skill53" type="TextureButton" parent="HBoxContainer/SkillStats/ScrollContainer/GridContainer"]
margin_top = 408.0
margin_right = 64.0
margin_bottom = 472.0
rect_min_size = Vector2( 64, 64 )
texture_normal = ExtResource( 1 )

[node name="Skill54" type="TextureButton" parent="HBoxContainer/SkillStats/ScrollContainer/GridContainer"]
margin_left = 68.0
margin_top = 408.0
margin_right = 132.0
margin_bottom = 472.0
rect_min_size = Vector2( 64, 64 )
texture_normal = ExtResource( 1 )

[node name="Skill55" type="TextureButton" parent="HBoxContainer/SkillStats/ScrollContainer/GridContainer"]
margin_left = 136.0
margin_top = 408.0
margin_right = 200.0
margin_bottom = 472.0
rect_min_size = Vector2( 64, 64 )
texture_normal = ExtResource( 1 )

[node name="Skill56" type="TextureButton" parent="HBoxContainer/SkillStats/ScrollContainer/GridContainer"]
margin_left = 204.0
margin_top = 408.0
margin_right = 268.0
margin_bottom = 472.0
rect_min_size = Vector2( 64, 64 )
texture_normal = ExtResource( 1 )

[node name="Skill57" type="TextureButton" parent="HBoxContainer/SkillStats/ScrollContainer/GridContainer"]
margin_left = 272.0
margin_top = 408.0
margin_right = 336.0
margin_bottom = 472.0
rect_min_size = Vector2( 64, 64 )
texture_normal = ExtResource( 1 )

[node name="Skill58" type="TextureButton" parent="HBoxContainer/SkillStats/ScrollContainer/GridContainer"]
margin_left = 340.0
margin_top = 408.0
margin_right = 404.0
margin_bottom = 472.0
rect_min_size = Vector2( 64, 64 )
texture_normal = ExtResource( 1 )

[node name="Skill59" type="TextureButton" parent="HBoxContainer/SkillStats/ScrollContainer/GridContainer"]
margin_left = 408.0
margin_top = 408.0
margin_right = 472.0
margin_bottom = 472.0
rect_min_size = Vector2( 64, 64 )
texture_normal = ExtResource( 1 )

[node name="Skill60" type="TextureButton" parent="HBoxContainer/SkillStats/ScrollContainer/GridContainer"]
margin_left = 476.0
margin_top = 408.0
margin_right = 540.0
margin_bottom = 472.0
rect_min_size = Vector2( 64, 64 )
texture_normal = ExtResource( 1 )

[node name="Skill61" type="TextureButton" parent="HBoxContainer/SkillStats/ScrollContainer/GridContainer"]
margin_top = 476.0
margin_right = 64.0
margin_bottom = 540.0
rect_min_size = Vector2( 64, 64 )
texture_normal = ExtResource( 1 )

[node name="Skill62" type="TextureButton" parent="HBoxContainer/SkillStats/ScrollContainer/GridContainer"]
margin_left = 68.0
margin_top = 476.0
margin_right = 132.0
margin_bottom = 540.0
rect_min_size = Vector2( 64, 64 )
texture_normal = ExtResource( 1 )

[node name="Skill63" type="TextureButton" parent="HBoxContainer/SkillStats/ScrollContainer/GridContainer"]
margin_left = 136.0
margin_top = 476.0
margin_right = 200.0
margin_bottom = 540.0
rect_min_size = Vector2( 64, 64 )
texture_normal = ExtResource( 1 )

[node name="Skill64" type="TextureButton" parent="HBoxContainer/SkillStats/ScrollContainer/GridContainer"]
margin_left = 204.0
margin_top = 476.0
margin_right = 268.0
margin_bottom = 540.0
rect_min_size = Vector2( 64, 64 )
texture_normal = ExtResource( 1 )

[node name="Skill65" type="TextureButton" parent="HBoxContainer/SkillStats/ScrollContainer/GridContainer"]
margin_left = 272.0
margin_top = 476.0
margin_right = 336.0
margin_bottom = 540.0
rect_min_size = Vector2( 64, 64 )
texture_normal = ExtResource( 1 )

[node name="Skill66" type="TextureButton" parent="HBoxContainer/SkillStats/ScrollContainer/GridContainer"]
margin_left = 340.0
margin_top = 476.0
margin_right = 404.0
margin_bottom = 540.0
rect_min_size = Vector2( 64, 64 )
texture_normal = ExtResource( 1 )

[node name="Skill67" type="TextureButton" parent="HBoxContainer/SkillStats/ScrollContainer/GridContainer"]
margin_left = 408.0
margin_top = 476.0
margin_right = 472.0
margin_bottom = 540.0
rect_min_size = Vector2( 64, 64 )
texture_normal = ExtResource( 1 )

[node name="Skill68" type="TextureButton" parent="HBoxContainer/SkillStats/ScrollContainer/GridContainer"]
margin_left = 476.0
margin_top = 476.0
margin_right = 540.0
margin_bottom = 540.0
rect_min_size = Vector2( 64, 64 )
texture_normal = ExtResource( 1 )

[node name="Skill69" type="TextureButton" parent="HBoxContainer/SkillStats/ScrollContainer/GridContainer"]
margin_top = 544.0
margin_right = 64.0
margin_bottom = 608.0
rect_min_size = Vector2( 64, 64 )
texture_normal = ExtResource( 1 )

[node name="Skill70" type="TextureButton" parent="HBoxContainer/SkillStats/ScrollContainer/GridContainer"]
margin_left = 68.0
margin_top = 544.0
margin_right = 132.0
margin_bottom = 608.0
rect_min_size = Vector2( 64, 64 )
texture_normal = ExtResource( 1 )

[node name="Skill71" type="TextureButton" parent="HBoxContainer/SkillStats/ScrollContainer/GridContainer"]
margin_left = 136.0
margin_top = 544.0
margin_right = 200.0
margin_bottom = 608.0
rect_min_size = Vector2( 64, 64 )
texture_normal = ExtResource( 1 )

[node name="Skill72" type="TextureButton" parent="HBoxContainer/SkillStats/ScrollContainer/GridContainer"]
margin_left = 204.0
margin_top = 544.0
margin_right = 268.0
margin_bottom = 608.0
rect_min_size = Vector2( 64, 64 )
texture_normal = ExtResource( 1 )

[node name="Skill73" type="TextureButton" parent="HBoxContainer/SkillStats/ScrollContainer/GridContainer"]
margin_left = 272.0
margin_top = 544.0
margin_right = 336.0
margin_bottom = 608.0
rect_min_size = Vector2( 64, 64 )
texture_normal = ExtResource( 1 )

[node name="Skill74" type="TextureButton" parent="HBoxContainer/SkillStats/ScrollContainer/GridContainer"]
margin_left = 340.0
margin_top = 544.0
margin_right = 404.0
margin_bottom = 608.0
rect_min_size = Vector2( 64, 64 )
texture_normal = ExtResource( 1 )

[node name="Skill75" type="TextureButton" parent="HBoxContainer/SkillStats/ScrollContainer/GridContainer"]
margin_left = 408.0
margin_top = 544.0
margin_right = 472.0
margin_bottom = 608.0
rect_min_size = Vector2( 64, 64 )
texture_normal = ExtResource( 1 )

[node name="Skill76" type="TextureButton" parent="HBoxContainer/SkillStats/ScrollContainer/GridContainer"]
margin_left = 476.0
margin_top = 544.0
margin_right = 540.0
margin_bottom = 608.0
rect_min_size = Vector2( 64, 64 )
texture_normal = ExtResource( 1 )

[node name="Skill77" type="TextureButton" parent="HBoxContainer/SkillStats/ScrollContainer/GridContainer"]
margin_top = 612.0
margin_right = 64.0
margin_bottom = 676.0
rect_min_size = Vector2( 64, 64 )
texture_normal = ExtResource( 1 )

[node name="Skill78" type="TextureButton" parent="HBoxContainer/SkillStats/ScrollContainer/GridContainer"]
margin_left = 68.0
margin_top = 612.0
margin_right = 132.0
margin_bottom = 676.0
rect_min_size = Vector2( 64, 64 )
texture_normal = ExtResource( 1 )

[node name="Skill79" type="TextureButton" parent="HBoxContainer/SkillStats/ScrollContainer/GridContainer"]
margin_left = 136.0
margin_top = 612.0
margin_right = 200.0
margin_bottom = 676.0
rect_min_size = Vector2( 64, 64 )
texture_normal = ExtResource( 1 )

[node name="Skill80" type="TextureButton" parent="HBoxContainer/SkillStats/ScrollContainer/GridContainer"]
margin_left = 204.0
margin_top = 612.0
margin_right = 268.0
margin_bottom = 676.0
rect_min_size = Vector2( 64, 64 )
texture_normal = ExtResource( 1 )

[node name="Skill81" type="TextureButton" parent="HBoxContainer/SkillStats/ScrollContainer/GridContainer"]
margin_left = 272.0
margin_top = 612.0
margin_right = 336.0
margin_bottom = 676.0
rect_min_size = Vector2( 64, 64 )
texture_normal = ExtResource( 1 )

[node name="Skill82" type="TextureButton" parent="HBoxContainer/SkillStats/ScrollContainer/GridContainer"]
margin_left = 340.0
margin_top = 612.0
margin_right = 404.0
margin_bottom = 676.0
rect_min_size = Vector2( 64, 64 )
texture_normal = ExtResource( 1 )

[node name="Skill83" type="TextureButton" parent="HBoxContainer/SkillStats/ScrollContainer/GridContainer"]
margin_left = 408.0
margin_top = 612.0
margin_right = 472.0
margin_bottom = 676.0
rect_min_size = Vector2( 64, 64 )
texture_normal = ExtResource( 1 )

[node name="Skill84" type="TextureButton" parent="HBoxContainer/SkillStats/ScrollContainer/GridContainer"]
margin_left = 476.0
margin_top = 612.0
margin_right = 540.0
margin_bottom = 676.0
rect_min_size = Vector2( 64, 64 )
texture_normal = ExtResource( 1 )

[node name="Skill85" type="TextureButton" parent="HBoxContainer/SkillStats/ScrollContainer/GridContainer"]
margin_top = 680.0
margin_right = 64.0
margin_bottom = 744.0
rect_min_size = Vector2( 64, 64 )
texture_normal = ExtResource( 1 )

[node name="SchließenButton" type="TextureButton" parent="HBoxContainer/SkillStats"]
margin_top = 511.0
margin_right = 540.0
margin_bottom = 561.0
rect_min_size = Vector2( 0, 50 )
action_mode = 0
texture_normal = ExtResource( 2 )
expand = true

[node name="Label2" type="Label" parent="HBoxContainer/SkillStats/SchließenButton"]
anchor_right = 1.0
anchor_bottom = 1.0
custom_fonts/font = ExtResource( 4 )
custom_colors/font_color = Color( 0, 0, 0, 1 )
text = "Schließen"
align = 1
valign = 1
__meta__ = {
"_edit_use_anchors_": false
}
[connection signal="pressed" from="HBoxContainer/Character Stats/Skills/Skill1" to="." method="_on_Skill1_pressed"]
[connection signal="pressed" from="HBoxContainer/Character Stats/Skills/Skill2" to="." method="_on_Skill2_pressed"]
[connection signal="pressed" from="HBoxContainer/Character Stats/Skills/Skill3" to="." method="_on_Skill3_pressed"]
[connection signal="pressed" from="HBoxContainer/Character Stats/Skills/Skill4" to="." method="_on_Skill4_pressed"]
[connection signal="pressed" from="HBoxContainer/SkillStats/ScrollContainer/GridContainer/Pocket_Sand" to="." method="_on_Pocket_Sand_pressed"]
[connection signal="pressed" from="HBoxContainer/SkillStats/SchließenButton" to="." method="_on_SchlieenButton_pressed"]
