[gd_scene load_steps=6 format=2]

[ext_resource path="res://Fonts/Dynamic_Fonts/dynamicFontMenu.tres" type="DynamicFont" id=1]
[ext_resource path="res://Assets/GUI/Utility/Background_pure_black.png" type="Texture" id=2]
[ext_resource path="res://Assets/GUI/Skill_Icon/Condemn.png" type="Texture" id=3]
[ext_resource path="res://Assets/GUI/Bar_Items/Health.png" type="Texture" id=4]
[ext_resource path="res://Scripts/GUI/CharacterStats.gd" type="Script" id=5]

[node name="Characterstats" type="MarginContainer"]
pause_mode = 2
margin_right = 1004.0
margin_bottom = 568.0
custom_constants/margin_top = -10
custom_constants/margin_left = -10
script = ExtResource( 5 )
__meta__ = {
"_edit_use_anchors_": false
}

[node name="Background" type="NinePatchRect" parent="."]
modulate = Color( 0.0196078, 0.0196078, 0.0196078, 1 )
self_modulate = Color( 0.0313726, 0.0313726, 0.0313726, 1 )
margin_left = -10.0
margin_top = -10.0
margin_right = 1004.0
margin_bottom = 568.0
texture = ExtResource( 2 )

[node name="HBoxContainer" type="HBoxContainer" parent="."]
margin_left = -10.0
margin_top = -10.0
margin_right = 1004.0
margin_bottom = 568.0

[node name="Character Stats" type="VBoxContainer" parent="HBoxContainer"]
margin_right = 500.0
margin_bottom = 578.0
grow_horizontal = 2
grow_vertical = 2
alignment = 1

[node name="Characterstats" type="ScrollContainer" parent="HBoxContainer/Character Stats"]
margin_top = 5.0
margin_right = 500.0
margin_bottom = 505.0
rect_min_size = Vector2( 500, 500 )
follow_focus = true
scroll_horizontal_enabled = false

[node name="Characterstats" type="VBoxContainer" parent="HBoxContainer/Character Stats/Characterstats"]
margin_right = 162.0
margin_bottom = 110.0

[node name="Character_name" type="Label" parent="HBoxContainer/Character Stats/Characterstats/Characterstats"]
margin_right = 162.0
margin_bottom = 29.0
custom_fonts/font = ExtResource( 1 )
text = "Gustav"
align = 1
valign = 3

[node name="AbstandTitelOptionen" type="MarginContainer" parent="HBoxContainer/Character Stats/Characterstats/Characterstats"]
margin_top = 33.0
margin_right = 162.0
margin_bottom = 53.0
custom_constants/margin_top = 20

[node name="Leben" type="Label" parent="HBoxContainer/Character Stats/Characterstats/Characterstats"]
margin_top = 57.0
margin_right = 162.0
margin_bottom = 86.0
custom_fonts/font = ExtResource( 1 )
text = "Leben: 10200"
valign = 3

[node name="AbstandTitelOptionen2" type="MarginContainer" parent="HBoxContainer/Character Stats/Characterstats/Characterstats"]
margin_top = 90.0
margin_right = 162.0
margin_bottom = 110.0
custom_constants/margin_top = 20

[node name="Skills" type="HBoxContainer" parent="HBoxContainer/Character Stats"]
margin_top = 509.0
margin_right = 500.0
margin_bottom = 573.0
alignment = 1

[node name="Skill1" type="TextureButton" parent="HBoxContainer/Character Stats/Skills"]
margin_left = 116.0
margin_right = 180.0
margin_bottom = 64.0
texture_normal = ExtResource( 3 )

[node name="Skill2" type="TextureButton" parent="HBoxContainer/Character Stats/Skills"]
margin_left = 184.0
margin_right = 248.0
margin_bottom = 64.0
texture_normal = ExtResource( 3 )

[node name="Skill3" type="TextureButton" parent="HBoxContainer/Character Stats/Skills"]
margin_left = 252.0
margin_right = 316.0
margin_bottom = 64.0
texture_normal = ExtResource( 3 )

[node name="Skill4" type="TextureButton" parent="HBoxContainer/Character Stats/Skills"]
margin_left = 320.0
margin_right = 384.0
margin_bottom = 64.0
texture_normal = ExtResource( 3 )

[node name="SkillStats" type="VBoxContainer" parent="HBoxContainer"]
margin_left = 504.0
margin_right = 1004.0
margin_bottom = 578.0
rect_min_size = Vector2( 500, 0 )
alignment = 1

[node name="SkillBild" type="TextureRect" parent="HBoxContainer/SkillStats"]
margin_top = 3.0
margin_right = 500.0
margin_bottom = 67.0
texture = ExtResource( 3 )
stretch_mode = 4

[node name="ScrollContainer" type="ScrollContainer" parent="HBoxContainer/SkillStats"]
margin_top = 71.0
margin_right = 500.0
margin_bottom = 521.0
rect_min_size = Vector2( 500, 450 )

[node name="VBoxContainer" type="VBoxContainer" parent="HBoxContainer/SkillStats/ScrollContainer"]
margin_right = 500.0
margin_bottom = 360.0

[node name="Name des Skills" type="Label" parent="HBoxContainer/SkillStats/ScrollContainer/VBoxContainer"]
margin_right = 500.0
margin_bottom = 29.0
custom_fonts/font = ExtResource( 1 )
text = "Codemn"

[node name="AbstandTitelOptionen11" type="MarginContainer" parent="HBoxContainer/SkillStats/ScrollContainer/VBoxContainer"]
margin_top = 33.0
margin_right = 500.0
margin_bottom = 53.0
custom_constants/margin_top = 20

[node name="Description" type="Label" parent="HBoxContainer/SkillStats/ScrollContainer/VBoxContainer"]
margin_top = 57.0
margin_right = 500.0
margin_bottom = 246.0
rect_min_size = Vector2( 500, 0 )
custom_fonts/font = ExtResource( 1 )
text = "When activated, a circle appears around the Crusader, and moves with them. In 3 seconds, it detonates, dealing damage to all enemies around the Crusader at the moment of explosion."
autowrap = true

[node name="AbstandTitelOptionen12" type="MarginContainer" parent="HBoxContainer/SkillStats/ScrollContainer/VBoxContainer"]
margin_top = 250.0
margin_right = 500.0
margin_bottom = 270.0
custom_constants/margin_top = 20

[node name="Damage" type="Label" parent="HBoxContainer/SkillStats/ScrollContainer/VBoxContainer"]
margin_top = 274.0
margin_right = 500.0
margin_bottom = 303.0
rect_min_size = Vector2( 500, 0 )
custom_fonts/font = ExtResource( 1 )
text = "Damage: 200"
autowrap = true

[node name="AbstandTitelOptionen13" type="MarginContainer" parent="HBoxContainer/SkillStats/ScrollContainer/VBoxContainer"]
margin_top = 307.0
margin_right = 500.0
margin_bottom = 327.0
custom_constants/margin_top = 20

[node name="Range" type="Label" parent="HBoxContainer/SkillStats/ScrollContainer/VBoxContainer"]
margin_top = 331.0
margin_right = 500.0
margin_bottom = 360.0
rect_min_size = Vector2( 500, 0 )
custom_fonts/font = ExtResource( 1 )
text = "Radius: 10m"
autowrap = true

[node name="SchließenButton" type="TextureButton" parent="HBoxContainer/SkillStats"]
margin_top = 525.0
margin_right = 500.0
margin_bottom = 575.0
rect_min_size = Vector2( 0, 50 )
action_mode = 0
texture_normal = ExtResource( 4 )
expand = true

[node name="Label2" type="Label" parent="HBoxContainer/SkillStats/SchließenButton"]
anchor_right = 1.0
anchor_bottom = 1.0
custom_fonts/font = ExtResource( 1 )
custom_colors/font_color = Color( 0, 0, 0, 1 )
text = "Schließen"
align = 1
valign = 1
__meta__ = {
"_edit_use_anchors_": false
}
[connection signal="pressed" from="HBoxContainer/SkillStats/SchließenButton" to="." method="_on_SchlieenButton_pressed"]
