[gd_scene load_steps=103 format=2]

[ext_resource path="res://Assets/Players/Main_Character/Hunter/Main_Character_Hunter_tileset1.png" type="Texture" id=1]
[ext_resource path="res://Scripts/Player/PlayerMovement.gd" type="Script" id=2]
[ext_resource path="res://Assets/Players/Main_Character/Hunter/Main_Character_Hunter_tileset2.png" type="Texture" id=3]
[ext_resource path="res://Assets/Players/Main_Character/Utitility/yellow_star.png" type="Texture" id=4]

[sub_resource type="RectangleShape2D" id=1]
extents = Vector2( 8.56657, 17.2263 )

[sub_resource type="AtlasTexture" id=2]
flags = 4
atlas = ExtResource( 3 )
region = Rect2( 0, 384, 192, 192 )

[sub_resource type="AtlasTexture" id=3]
flags = 4
atlas = ExtResource( 3 )
region = Rect2( 192, 384, 192, 192 )

[sub_resource type="AtlasTexture" id=4]
flags = 4
atlas = ExtResource( 3 )
region = Rect2( 384, 384, 192, 192 )

[sub_resource type="AtlasTexture" id=5]
flags = 4
atlas = ExtResource( 3 )
region = Rect2( 576, 384, 192, 192 )

[sub_resource type="AtlasTexture" id=6]
flags = 4
atlas = ExtResource( 3 )
region = Rect2( 768, 384, 192, 192 )

[sub_resource type="AtlasTexture" id=7]
flags = 4
atlas = ExtResource( 3 )
region = Rect2( 960, 384, 192, 192 )

[sub_resource type="AtlasTexture" id=8]
flags = 4
atlas = ExtResource( 1 )
region = Rect2( 64, 576, 64, 64 )

[sub_resource type="AtlasTexture" id=9]
flags = 4
atlas = ExtResource( 1 )
region = Rect2( 128, 576, 64, 64 )

[sub_resource type="AtlasTexture" id=10]
flags = 4
atlas = ExtResource( 1 )
region = Rect2( 192, 576, 64, 64 )

[sub_resource type="AtlasTexture" id=11]
flags = 4
atlas = ExtResource( 1 )
region = Rect2( 256, 576, 64, 64 )

[sub_resource type="AtlasTexture" id=12]
flags = 4
atlas = ExtResource( 1 )
region = Rect2( 320, 576, 64, 64 )

[sub_resource type="AtlasTexture" id=13]
flags = 4
atlas = ExtResource( 1 )
region = Rect2( 384, 576, 64, 64 )

[sub_resource type="AtlasTexture" id=14]
flags = 4
atlas = ExtResource( 1 )
region = Rect2( 448, 576, 64, 64 )

[sub_resource type="AtlasTexture" id=15]
flags = 4
atlas = ExtResource( 1 )
region = Rect2( 512, 576, 64, 64 )

[sub_resource type="AtlasTexture" id=16]
flags = 4
atlas = ExtResource( 3 )
region = Rect2( 0, 576, 192, 192 )

[sub_resource type="AtlasTexture" id=17]
flags = 4
atlas = ExtResource( 3 )
region = Rect2( 192, 576, 192, 192 )

[sub_resource type="AtlasTexture" id=18]
flags = 4
atlas = ExtResource( 3 )
region = Rect2( 384, 576, 192, 192 )

[sub_resource type="AtlasTexture" id=19]
flags = 4
atlas = ExtResource( 3 )
region = Rect2( 576, 576, 192, 192 )

[sub_resource type="AtlasTexture" id=20]
flags = 4
atlas = ExtResource( 3 )
region = Rect2( 768, 576, 192, 192 )

[sub_resource type="AtlasTexture" id=21]
flags = 4
atlas = ExtResource( 3 )
region = Rect2( 960, 576, 192, 192 )

[sub_resource type="AtlasTexture" id=22]
flags = 4
atlas = ExtResource( 1 )
region = Rect2( 0, 1280, 64, 64 )

[sub_resource type="AtlasTexture" id=23]
flags = 4
atlas = ExtResource( 1 )
region = Rect2( 64, 1280, 64, 64 )

[sub_resource type="AtlasTexture" id=24]
flags = 4
atlas = ExtResource( 1 )
region = Rect2( 128, 1280, 64, 64 )

[sub_resource type="AtlasTexture" id=25]
flags = 4
atlas = ExtResource( 1 )
region = Rect2( 192, 1280, 64, 64 )

[sub_resource type="AtlasTexture" id=26]
flags = 4
atlas = ExtResource( 1 )
region = Rect2( 256, 1280, 64, 64 )

[sub_resource type="AtlasTexture" id=27]
flags = 4
atlas = ExtResource( 1 )
region = Rect2( 320, 1280, 64, 64 )

[sub_resource type="AtlasTexture" id=28]
flags = 4
atlas = ExtResource( 1 )
region = Rect2( 0, 128, 64, 64 )

[sub_resource type="AtlasTexture" id=29]
flags = 4
atlas = ExtResource( 1 )
region = Rect2( 64, 128, 64, 64 )

[sub_resource type="AtlasTexture" id=30]
flags = 4
atlas = ExtResource( 1 )
region = Rect2( 128, 128, 64, 64 )

[sub_resource type="AtlasTexture" id=31]
flags = 4
atlas = ExtResource( 1 )
region = Rect2( 192, 128, 64, 64 )

[sub_resource type="AtlasTexture" id=32]
flags = 4
atlas = ExtResource( 1 )
region = Rect2( 256, 128, 64, 64 )

[sub_resource type="AtlasTexture" id=33]
flags = 4
atlas = ExtResource( 1 )
region = Rect2( 320, 128, 64, 64 )

[sub_resource type="AtlasTexture" id=34]
flags = 4
atlas = ExtResource( 1 )
region = Rect2( 384, 128, 64, 64 )

[sub_resource type="AtlasTexture" id=35]
flags = 4
atlas = ExtResource( 3 )
region = Rect2( 0, 0, 192, 192 )

[sub_resource type="AtlasTexture" id=36]
flags = 4
atlas = ExtResource( 3 )
region = Rect2( 192, 0, 192, 192 )

[sub_resource type="AtlasTexture" id=37]
flags = 4
atlas = ExtResource( 3 )
region = Rect2( 384, 0, 192, 192 )

[sub_resource type="AtlasTexture" id=38]
flags = 4
atlas = ExtResource( 3 )
region = Rect2( 576, 0, 192, 192 )

[sub_resource type="AtlasTexture" id=39]
flags = 4
atlas = ExtResource( 3 )
region = Rect2( 768, 0, 192, 192 )

[sub_resource type="AtlasTexture" id=40]
flags = 4
atlas = ExtResource( 3 )
region = Rect2( 960, 0, 192, 192 )

[sub_resource type="AtlasTexture" id=41]
flags = 4
atlas = ExtResource( 1 )
region = Rect2( 64, 640, 64, 64 )

[sub_resource type="AtlasTexture" id=42]
flags = 4
atlas = ExtResource( 1 )
region = Rect2( 128, 640, 64, 64 )

[sub_resource type="AtlasTexture" id=43]
flags = 4
atlas = ExtResource( 1 )
region = Rect2( 192, 640, 64, 64 )

[sub_resource type="AtlasTexture" id=44]
flags = 4
atlas = ExtResource( 1 )
region = Rect2( 256, 640, 64, 64 )

[sub_resource type="AtlasTexture" id=45]
flags = 4
atlas = ExtResource( 1 )
region = Rect2( 320, 640, 64, 64 )

[sub_resource type="AtlasTexture" id=46]
flags = 4
atlas = ExtResource( 1 )
region = Rect2( 384, 640, 64, 64 )

[sub_resource type="AtlasTexture" id=47]
flags = 4
atlas = ExtResource( 1 )
region = Rect2( 448, 640, 64, 64 )

[sub_resource type="AtlasTexture" id=48]
flags = 4
atlas = ExtResource( 1 )
region = Rect2( 512, 640, 64, 64 )

[sub_resource type="AtlasTexture" id=49]
flags = 4
atlas = ExtResource( 3 )
region = Rect2( 0, 192, 192, 192 )

[sub_resource type="AtlasTexture" id=50]
flags = 4
atlas = ExtResource( 3 )
region = Rect2( 192, 192, 192, 192 )

[sub_resource type="AtlasTexture" id=51]
flags = 4
atlas = ExtResource( 3 )
region = Rect2( 384, 192, 192, 192 )

[sub_resource type="AtlasTexture" id=52]
flags = 4
atlas = ExtResource( 3 )
region = Rect2( 576, 192, 192, 192 )

[sub_resource type="AtlasTexture" id=53]
flags = 4
atlas = ExtResource( 3 )
region = Rect2( 768, 192, 192, 192 )

[sub_resource type="AtlasTexture" id=54]
flags = 4
atlas = ExtResource( 3 )
region = Rect2( 960, 192, 192, 192 )

[sub_resource type="AtlasTexture" id=55]
flags = 4
atlas = ExtResource( 1 )
region = Rect2( 64, 512, 64, 64 )

[sub_resource type="AtlasTexture" id=56]
flags = 4
atlas = ExtResource( 1 )
region = Rect2( 128, 512, 64, 64 )

[sub_resource type="AtlasTexture" id=57]
flags = 4
atlas = ExtResource( 1 )
region = Rect2( 192, 512, 64, 64 )

[sub_resource type="AtlasTexture" id=58]
flags = 4
atlas = ExtResource( 1 )
region = Rect2( 256, 512, 64, 64 )

[sub_resource type="AtlasTexture" id=59]
flags = 4
atlas = ExtResource( 1 )
region = Rect2( 320, 512, 64, 64 )

[sub_resource type="AtlasTexture" id=60]
flags = 4
atlas = ExtResource( 1 )
region = Rect2( 384, 512, 64, 64 )

[sub_resource type="AtlasTexture" id=61]
flags = 4
atlas = ExtResource( 1 )
region = Rect2( 448, 512, 64, 64 )

[sub_resource type="AtlasTexture" id=62]
flags = 4
atlas = ExtResource( 1 )
region = Rect2( 512, 512, 64, 64 )

[sub_resource type="AtlasTexture" id=63]
flags = 4
atlas = ExtResource( 1 )
region = Rect2( 64, 704, 64, 64 )

[sub_resource type="AtlasTexture" id=64]
flags = 4
atlas = ExtResource( 1 )
region = Rect2( 128, 704, 64, 64 )

[sub_resource type="AtlasTexture" id=65]
flags = 4
atlas = ExtResource( 1 )
region = Rect2( 192, 704, 64, 64 )

[sub_resource type="AtlasTexture" id=66]
flags = 4
atlas = ExtResource( 1 )
region = Rect2( 256, 704, 64, 64 )

[sub_resource type="AtlasTexture" id=67]
flags = 4
atlas = ExtResource( 1 )
region = Rect2( 320, 704, 64, 64 )

[sub_resource type="AtlasTexture" id=68]
flags = 4
atlas = ExtResource( 1 )
region = Rect2( 384, 704, 64, 64 )

[sub_resource type="AtlasTexture" id=69]
flags = 4
atlas = ExtResource( 1 )
region = Rect2( 448, 704, 64, 64 )

[sub_resource type="AtlasTexture" id=70]
flags = 4
atlas = ExtResource( 1 )
region = Rect2( 512, 704, 64, 64 )

[sub_resource type="AtlasTexture" id=71]
flags = 4
atlas = ExtResource( 1 )
region = Rect2( 0, 896, 64, 64 )

[sub_resource type="AtlasTexture" id=72]
flags = 4
atlas = ExtResource( 1 )
region = Rect2( 64, 896, 64, 64 )

[sub_resource type="AtlasTexture" id=73]
flags = 4
atlas = ExtResource( 1 )
region = Rect2( 128, 896, 64, 64 )

[sub_resource type="AtlasTexture" id=74]
flags = 4
atlas = ExtResource( 1 )
region = Rect2( 64, 896, 64, 64 )

[sub_resource type="AtlasTexture" id=75]
flags = 4
atlas = ExtResource( 1 )
region = Rect2( 0, 0, 64, 64 )

[sub_resource type="AtlasTexture" id=76]
flags = 4
atlas = ExtResource( 1 )
region = Rect2( 64, 0, 64, 64 )

[sub_resource type="AtlasTexture" id=77]
flags = 4
atlas = ExtResource( 1 )
region = Rect2( 128, 0, 64, 64 )

[sub_resource type="AtlasTexture" id=78]
flags = 4
atlas = ExtResource( 1 )
region = Rect2( 192, 0, 64, 64 )

[sub_resource type="AtlasTexture" id=79]
flags = 4
atlas = ExtResource( 1 )
region = Rect2( 256, 0, 64, 64 )

[sub_resource type="AtlasTexture" id=80]
flags = 4
atlas = ExtResource( 1 )
region = Rect2( 320, 0, 64, 64 )

[sub_resource type="AtlasTexture" id=81]
flags = 4
atlas = ExtResource( 1 )
region = Rect2( 384, 0, 64, 64 )

[sub_resource type="AtlasTexture" id=82]
flags = 4
atlas = ExtResource( 1 )
region = Rect2( 0, 64, 64, 64 )

[sub_resource type="AtlasTexture" id=83]
flags = 4
atlas = ExtResource( 1 )
region = Rect2( 64, 64, 64, 64 )

[sub_resource type="AtlasTexture" id=84]
flags = 4
atlas = ExtResource( 1 )
region = Rect2( 128, 64, 64, 64 )

[sub_resource type="AtlasTexture" id=85]
flags = 4
atlas = ExtResource( 1 )
region = Rect2( 192, 64, 64, 64 )

[sub_resource type="AtlasTexture" id=86]
flags = 4
atlas = ExtResource( 1 )
region = Rect2( 256, 64, 64, 64 )

[sub_resource type="AtlasTexture" id=87]
flags = 4
atlas = ExtResource( 1 )
region = Rect2( 320, 64, 64, 64 )

[sub_resource type="AtlasTexture" id=88]
flags = 4
atlas = ExtResource( 1 )
region = Rect2( 384, 64, 64, 64 )

[sub_resource type="AtlasTexture" id=89]
flags = 4
atlas = ExtResource( 1 )
region = Rect2( 64, 192, 64, 64 )

[sub_resource type="AtlasTexture" id=90]
flags = 4
atlas = ExtResource( 1 )
region = Rect2( 192, 192, 64, 64 )

[sub_resource type="AtlasTexture" id=91]
flags = 4
atlas = ExtResource( 1 )
region = Rect2( 256, 192, 64, 64 )

[sub_resource type="AtlasTexture" id=92]
flags = 4
atlas = ExtResource( 1 )
region = Rect2( 320, 192, 64, 64 )

[sub_resource type="AtlasTexture" id=93]
flags = 4
atlas = ExtResource( 1 )
region = Rect2( 384, 192, 64, 64 )

[sub_resource type="AtlasTexture" id=94]
flags = 4
atlas = ExtResource( 1 )
region = Rect2( 0, 192, 64, 64 )

[sub_resource type="AtlasTexture" id=95]
flags = 4
atlas = ExtResource( 1 )
region = Rect2( 128, 192, 64, 64 )

[sub_resource type="SpriteFrames" id=96]
animations = [ {
"frames": [ SubResource( 2 ), SubResource( 3 ), SubResource( 4 ), SubResource( 5 ), SubResource( 6 ), SubResource( 7 ) ],
"loop": true,
"name": "Attack_S",
"speed": 5.0
}, {
"frames": [ SubResource( 8 ), SubResource( 9 ), SubResource( 10 ), SubResource( 11 ), SubResource( 12 ), SubResource( 13 ), SubResource( 14 ), SubResource( 15 ) ],
"loop": true,
"name": "Walking_W",
"speed": 10.0
}, {
"frames": [ SubResource( 16 ), SubResource( 17 ), SubResource( 18 ), SubResource( 19 ), SubResource( 20 ), SubResource( 21 ) ],
"loop": true,
"name": "Attack_E",
"speed": 5.0
}, {
"frames": [ SubResource( 22 ), SubResource( 23 ), SubResource( 24 ), SubResource( 25 ), SubResource( 26 ), SubResource( 27 ) ],
"loop": true,
"name": "Death",
"speed": 5.0
}, {
"frames": [ SubResource( 28 ), SubResource( 29 ), SubResource( 30 ), SubResource( 31 ), SubResource( 32 ), SubResource( 33 ), SubResource( 34 ) ],
"loop": false,
"name": "Casting_S",
"speed": 5.0
}, {
"frames": [ SubResource( 35 ), SubResource( 36 ), SubResource( 37 ), SubResource( 38 ), SubResource( 39 ), SubResource( 40 ) ],
"loop": true,
"name": "Attack_N",
"speed": 5.0
}, {
"frames": [ SubResource( 41 ), SubResource( 42 ), SubResource( 43 ), SubResource( 44 ), SubResource( 45 ), SubResource( 46 ), SubResource( 47 ), SubResource( 48 ) ],
"loop": true,
"name": "Walking_S",
"speed": 10.0
}, {
"frames": [ SubResource( 49 ), SubResource( 50 ), SubResource( 51 ), SubResource( 52 ), SubResource( 53 ), SubResource( 54 ) ],
"loop": true,
"name": "Attack_W",
"speed": 5.0
}, {
"frames": [ SubResource( 55 ), SubResource( 56 ), SubResource( 57 ), SubResource( 58 ), SubResource( 59 ), SubResource( 60 ), SubResource( 61 ), SubResource( 62 ) ],
"loop": true,
"name": "Walking_N",
"speed": 10.0
}, {
"frames": [ SubResource( 63 ), SubResource( 64 ), SubResource( 65 ), SubResource( 66 ), SubResource( 67 ), SubResource( 68 ), SubResource( 69 ), SubResource( 70 ) ],
"loop": true,
"name": "Walking_E",
"speed": 10.0
}, {
"frames": [ SubResource( 71 ), SubResource( 72 ), SubResource( 73 ), SubResource( 74 ) ],
"loop": true,
"name": "Idle_S",
"speed": 5.0
}, {
"frames": [ SubResource( 75 ), SubResource( 76 ), SubResource( 77 ), SubResource( 78 ), SubResource( 79 ), SubResource( 80 ), SubResource( 81 ) ],
"loop": false,
"name": "Casting_N",
"speed": 5.0
}, {
"frames": [ SubResource( 82 ), SubResource( 83 ), SubResource( 84 ), SubResource( 85 ), SubResource( 86 ), SubResource( 87 ), SubResource( 88 ) ],
"loop": false,
"name": "Casting_W",
"speed": 5.0
}, {
"frames": [ SubResource( 89 ), SubResource( 90 ), SubResource( 91 ), SubResource( 92 ), SubResource( 93 ), SubResource( 94 ), SubResource( 95 ) ],
"loop": false,
"name": "Casting_E",
"speed": 5.0
} ]

[sub_resource type="RectangleShape2D" id=97]
extents = Vector2( 36.2148, 37.9826 )

[sub_resource type="ParticlesMaterial" id=98]
lifetime_randomness = 0.45
emission_shape = 1
emission_sphere_radius = 61.05
flag_disable_z = true
gravity = Vector3( 0, 98, 0 )
orbit_velocity = 0.0
orbit_velocity_random = 1.0
scale_random = 0.3

[node name="KinematicBody2D" type="KinematicBody2D"]
script = ExtResource( 2 )

[node name="CollisionShape2D" type="CollisionShape2D" parent="."]
position = Vector2( -0.782673, 20.5416 )
scale = Vector2( 1.25797, 0.713417 )
shape = SubResource( 1 )

[node name="AnimatedSprite" type="AnimatedSprite" parent="."]
frames = SubResource( 96 )
animation = "Attack_W"

[node name="AttackAreaEast" type="Area2D" parent="." groups=[
"Attack",
]]
collision_mask = 2

[node name="AttackEast" type="CollisionShape2D" parent="AttackAreaEast"]
position = Vector2( 41.6898, 3.13528 )
shape = SubResource( 97 )
disabled = true

[node name="AttackAreaNorth" type="Area2D" parent="." groups=[
"Attack",
]]
collision_mask = 2147483650

[node name="AttackNorth" type="CollisionShape2D" parent="AttackAreaNorth"]
position = Vector2( -3.66735, -35.9223 )
shape = SubResource( 97 )
disabled = true

[node name="AttackAreaSouth" type="Area2D" parent="." groups=[
"Attack",
]]
collision_mask = 2147483650

[node name="AttackSouth" type="CollisionShape2D" parent="AttackAreaSouth"]
position = Vector2( -3.66738, 58.5718 )
shape = SubResource( 97 )
disabled = true

[node name="AttackAreaWest" type="Area2D" parent="." groups=[
"Attack",
]]
collision_mask = 2

[node name="AttackWest" type="CollisionShape2D" parent="AttackAreaWest"]
position = Vector2( -51.5443, 5.65512 )
shape = SubResource( 97 )
disabled = true

[node name="LVL_UP" type="Particles2D" parent="."]
emitting = false
amount = 50
lifetime = 4.0
one_shot = true
process_material = SubResource( 98 )
texture = ExtResource( 4 )
[connection signal="animation_finished" from="AnimatedSprite" to="." method="_on_AnimatedSprite_animation_finished"]
[connection signal="area_entered" from="AttackAreaEast" to="." method="_on_AttackAreaEast_area_entered"]
[connection signal="area_entered" from="AttackAreaNorth" to="." method="_on_AttackAreaNorth_area_entered"]
[connection signal="area_entered" from="AttackAreaSouth" to="." method="_on_AttackAreaSouth_area_entered"]
[connection signal="area_entered" from="AttackAreaWest" to="." method="_on_AttackAreaWest_area_entered"]
