[gd_scene load_steps=5 format=2]

[ext_resource path="res://Fonts/Dynamic_Fonts/dynamicFontMenu.tres" type="DynamicFont" id=1]
[ext_resource path="res://Assets/GUI/Utility/Background.png" type="Texture" id=2]
[ext_resource path="res://Assets/GUI/Bar_Items/Health.png" type="Texture" id=3]
[ext_resource path="res://Scripts/GUI/EscMenu.gd" type="Script" id=4]

[node name="EscMenu" type="MarginContainer"]
pause_mode = 2
margin_left = 20.0
margin_top = 20.0
margin_right = 1004.0
margin_bottom = 592.0
mouse_filter = 2
custom_constants/margin_right = 300
custom_constants/margin_top = 100
custom_constants/margin_left = 300
custom_constants/margin_bottom = 100
script = ExtResource( 4 )
__meta__ = {
"_edit_use_anchors_": false
}

[node name="NinePatchRect" type="NinePatchRect" parent="."]
margin_left = 300.0
margin_top = 100.0
margin_right = 684.0
margin_bottom = 472.0
texture = ExtResource( 2 )

[node name="VBoxContainer" type="VBoxContainer" parent="NinePatchRect"]
anchor_right = 1.0
anchor_bottom = 1.0
custom_constants/separation = 15
__meta__ = {
"_edit_use_anchors_": false
}

[node name="AbstandTitleOben" type="MarginContainer" parent="NinePatchRect/VBoxContainer"]
margin_right = 384.0
custom_constants/margin_top = 0

[node name="Label" type="Label" parent="NinePatchRect/VBoxContainer"]
margin_top = 15.0
margin_right = 384.0
margin_bottom = 44.0
custom_fonts/font = ExtResource( 1 )
text = "Pause"
align = 1

[node name="AbstandTitelOptionen" type="MarginContainer" parent="NinePatchRect/VBoxContainer"]
margin_top = 59.0
margin_right = 384.0
margin_bottom = 79.0
custom_constants/margin_top = 20

[node name="Spiel Fortsetzen" type="TextureButton" parent="NinePatchRect/VBoxContainer"]
margin_left = 82.0
margin_top = 94.0
margin_right = 302.0
margin_bottom = 144.0
rect_min_size = Vector2( 220, 50 )
size_flags_horizontal = 4
texture_normal = ExtResource( 3 )
expand = true

[node name="Label" type="Label" parent="NinePatchRect/VBoxContainer/Spiel Fortsetzen"]
anchor_right = 1.0
anchor_bottom = 1.0
custom_fonts/font = ExtResource( 1 )
custom_colors/font_color = Color( 0, 0, 0, 1 )
text = "Continue"
align = 1
valign = 1
__meta__ = {
"_edit_use_anchors_": false
}

[node name="Spiel verlassen" type="TextureButton" parent="NinePatchRect/VBoxContainer"]
margin_left = 82.0
margin_top = 159.0
margin_right = 302.0
margin_bottom = 209.0
rect_min_size = Vector2( 220, 50 )
size_flags_horizontal = 4
texture_normal = ExtResource( 3 )
expand = true

[node name="Label" type="Label" parent="NinePatchRect/VBoxContainer/Spiel verlassen"]
anchor_right = 1.0
anchor_bottom = 1.0
custom_fonts/font = ExtResource( 1 )
custom_colors/font_color = Color( 0, 0, 0, 1 )
text = "Quit Game"
align = 1
valign = 1
__meta__ = {
"_edit_use_anchors_": false
}

[node name="Spiel verlassen 2" type="TextureButton" parent="NinePatchRect/VBoxContainer"]
margin_left = 82.0
margin_top = 224.0
margin_right = 302.0
margin_bottom = 274.0
rect_min_size = Vector2( 220, 50 )
size_flags_horizontal = 4
texture_normal = ExtResource( 3 )
expand = true

[node name="Label" type="Label" parent="NinePatchRect/VBoxContainer/Spiel verlassen 2"]
anchor_right = 1.0
anchor_bottom = 1.0
custom_fonts/font = ExtResource( 1 )
custom_colors/font_color = Color( 0, 0, 0, 1 )
text = "Quit Game!"
align = 1
valign = 1
__meta__ = {
"_edit_use_anchors_": false
}

[node name="Spiel verlassen 3" type="TextureButton" parent="NinePatchRect/VBoxContainer"]
margin_left = 82.0
margin_top = 289.0
margin_right = 302.0
margin_bottom = 339.0
rect_min_size = Vector2( 220, 50 )
size_flags_horizontal = 4
texture_normal = ExtResource( 3 )
expand = true

[node name="Label" type="Label" parent="NinePatchRect/VBoxContainer/Spiel verlassen 3"]
anchor_right = 1.0
anchor_bottom = 1.0
custom_fonts/font = ExtResource( 1 )
custom_colors/font_color = Color( 0, 0, 0, 1 )
text = "Spiel verlassen"
align = 1
valign = 1
__meta__ = {
"_edit_use_anchors_": false
}
[connection signal="pressed" from="NinePatchRect/VBoxContainer/Spiel Fortsetzen" to="." method="_on_Spiel_Fortsetzen_pressed"]
[connection signal="pressed" from="NinePatchRect/VBoxContainer/Spiel verlassen" to="." method="_on_Spiel_verlassen_pressed"]
[connection signal="pressed" from="NinePatchRect/VBoxContainer/Spiel verlassen 2" to="." method="_on_Spiel_verlassen_2_pressed"]
[connection signal="pressed" from="NinePatchRect/VBoxContainer/Spiel verlassen 3" to="." method="_on_Spiel_verlassen_3_pressed"]
